@article{Peskin_1972,
  title={Flow patterns around heart valves: a numerical method},
  author={Peskin, Charles S},
  journal={Journal of computational physics},
  volume={10},
  number={2},
  pages={252--271},
  year={1972},
  publisher={Elsevier}
}

@article{Mittal_Iaccarino_2005,
  title={Immersed boundary methods},
  author={Mittal, Rajat and Iaccarino, Gianluca},
  journal={Annu. Rev. Fluid Mech.},
  volume={37},
  pages={239--261},
  year={2005},
  publisher={Annual Reviews}
}

@article{Taira_Colonius_2007,
  title={The immersed boundary method: a projection approach},
  author={Taira, Kunihiko and Colonius, Tim},
  journal={Journal of Computational Physics},
  volume={225},
  number={2},
  pages={2118--2137},
  year={2007},
  publisher={Elsevier}
}

@article{Perot_1993,
  title={An analysis of the fractional step method},
  author={Perot, J Blair},
  journal={Journal of Computational Physics},
  volume={108},
  number={1},
  pages={51--58},
  year={1993},
  publisher={Elsevier}
}

@Misc{PetIBM,
  author={Krishnan, Anush and Mesnard, Olivier and Chuang, Pi-Yueh and Barba, Lorena A.},
  title={{P}et{IBM} - a parallel immersed boundary method code},
  url={https://github.com/barbagroup/PetIBM},
  howpublished={https://github.com/barbagroup/PetIBM},
  year={2017}
}

@article{Krishnan_et_al_2017,
  doi = {10.21105/joss.00301},
  url = {https://doi.org/10.21105/joss.00301},
  year  = {2017},
  month = {jul},
  publisher = {The Open Journal},
  volume = {2},
  number = {15},
  author = {Anush Krishnan and Olivier Mesnard and Lorena A. Barba},
  title = {{cuIBM}: a {GPU}-based immersed boundary method code},
  journal = {The Journal of Open Source Software}
}

@article{Chuang_Barba_2017,
  doi = {10.21105/joss.00280},
  url = {https://doi.org/10.21105/joss.00280},
  year  = {2017},
  month = {aug},
  publisher = {The Open Journal},
  volume = {2},
  number = {16},
  author = {Pi-Yueh Chuang and Lorena A. Barba},
  title = {{AmgXWrapper}: An interface between {PETSc} and the {NVIDIA} {AmgX} library},
  journal = {The Journal of Open Source Software}
}

@Misc{AmgXWrapper,
  author={Chuang, Pi-Yueh and Barba, Lorena A.},
  title={{A}mg{X}{W}rapper},
  url={https://github.com/barbagroup/AmgXWrapper},
  howpublished={https://github.com/barbagroup/AmgXWrapper},
  year={2017}
}

@TechReport{Chuang_Barba_2017_b,
author = "Pi-Yueh Chuang and Lorena A. Barba",
title = "{Using AmgX to Accelerate PETSc-Based CFD Codes}",
year = "2017",
month = "5",
url = "https://figshare.com/articles/Using_AmgX_to_Accelerate_PETSc-Based_CFD_Codes/5018774",
doi = "10.6084/m9.figshare.5018774.v1"
}

@MISC{Cusp,
  author = "Steven Dalton and Nathan Bell and Luke Olson and Michael Garland",
  title = "Cusp: Generic Parallel Algorithms for Sparse Matrix and Graph Computations",
  year = "2014",
  url = "http://cusplibrary.github.io/",
  note = "Version 0.5.0"
}

@Misc{Nvidia_AmgX_webpage,
  author={Nvidia},
  title={AmgX},
  howpublished={https://developer.nvidia.com/amgx},
}

@article{Naumov_et_al_2015,
  title={AmgX: A library for GPU accelerated algebraic multigrid and preconditioned iterative methods},
  author={Naumov, M and Arsaev, M and Castonguay, P and Cohen, J and Demouth, J and Eaton, J and Layton, S and Markovskiy, N and Reguly, I and Sakharnykh, Nikolai and others},
  journal={SIAM Journal on Scientific Computing},
  volume={37},
  number={5},
  pages={S602--S626},
  year={2015},
  publisher={SIAM}
}

@Misc{PETSc_webpage_2017,
  author={Satish Balay and Shrirang Abhyankar and Mark~F. Adams and Jed Brown and Peter Brune
  and Kris Buschelman and Lisandro Dalcin and Victor Eijkhout and William~D. Gropp
  and Dinesh Kaushik and Matthew~G. Knepley
  and Lois Curfman McInnes and Karl Rupp and Barry~F. Smith
  and Stefano Zampini and Hong Zhang and Hong Zhang},
  title={{PETS}c {W}eb page},
  url={http://www.mcs.anl.gov/petsc},
  howpublished={\url{http://www.mcs.anl.gov/petsc}},
  year={2017}
}

@TechReport{PETSc_users_manual_2017,
  author={Satish Balay and Shrirang Abhyankar and Mark~F. Adams and Jed Brown and Peter Brune
  and Kris Buschelman and Lisandro Dalcin and Victor Eijkhout and William~D. Gropp
  and Dinesh Kaushik and Matthew~G. Knepley
  and Lois Curfman McInnes and Karl Rupp and Barry~F. Smith
  and Stefano Zampini and Hong Zhang and Hong Zhang},
  title={{PETS}c Users Manual},
  institution={Argonne National Laboratory},
  year=2017,
  number={ANL-95/11 - Revision 3.8},
  url={http://www.mcs.anl.gov/petsc}
}

@InProceedings{Balay_et_al_1997,
  author={Satish Balay and William D. Gropp and Lois Curfman McInnes and Barry F.  Smith},
  title={Efficient Management of Parallelism in Object Oriented Numerical Software Libraries},
  booktitle={Modern Software Tools in Scientific Computing},
  editor={E. Arge and A. M. Bruaset and H. P. Langtangen},
  pages={163--202},
  publisher={Birkh{\"{a}}user Press},
  year=1997
}

@article{Krishnan_et_al_2014,
  title={Lift and wakes of flying snakes},
  author={Krishnan, Anush and Socha, John J and Vlachos, Pavlos P and Barba, LA},
  journal={Physics of Fluids},
  volume={26},
  number={3},
  pages={031901},
  year={2014},
  publisher={AIP}
}

@article{Holden_et_al_2014,
  title={Aerodynamics of the flying snake Chrysopelea paradisi: how a bluff body cross-sectional shape contributes to gliding performance},
  author={Holden, Daniel and Socha, John J and Cardwell, Nicholas D and Vlachos, Pavlos P},
  journal={Journal of Experimental Biology},
  volume={217},
  number={3},
  pages={382--394},
  year={2014},
  publisher={The Company of Biologists Ltd}
}

@article{Li_et_al_2016,
  title={An efficient immersed boundary projection method for flow over complex/moving boundaries},
  author={Li, Ru-Yang and Xie, Chun-Mei and Huang, Wei-Xi and Xu, Chun-Xiao},
  journal={Computers \& Fluids},
  volume={140},
  pages={122--135},
  year={2016},
  publisher={Elsevier}
}

@article{Socha_2011,
  author={Socha, John J.},
  title={Gliding Flight in Chrysopelea: Turning a Snake into a Wing},
  journal={Integrative and Comparative Biology},
  volume={51},
  number={6},
  pages={969-982},
  year={2011},
  doi={10.1093/icb/icr092},
  URL={ + http://dx.doi.org/10.1093/icb/icr092},
  eprint={/oup/backfile/content_public/journal/icb/51/6/10.1093_icb_icr092/1/icr092.pdf}
}
